<record><leader>00000cas a22000007a 4500</leader><controlfield tag="001">15296453</controlfield><controlfield tag="008">870310d19261927inudn ne      0    0eng d</controlfield><datafield ind1=" " ind2=" " tag="010"><subfield code="a">sn 87055325 </subfield></datafield><datafield ind1=" " ind2=" " tag="040"><subfield code="a">NPI</subfield><subfield code="b">eng</subfield><subfield code="c">NPI</subfield><subfield code="d">OCLCQ</subfield></datafield><datafield ind1=" " ind2=" " tag="042"><subfield code="a">msc</subfield></datafield><datafield ind1="0" ind2="0" tag="245"><subfield code="a">Peru journal chronicle.</subfield></datafield><datafield ind1="3" ind2="0" tag="246"><subfield code="a">Journal chronicle</subfield></datafield><datafield ind1=" " ind2=" " tag="250"><subfield code="a">Evening ed.</subfield></datafield><datafield ind1=" " ind2=" " tag="260"><subfield code="a">Peru, Ind. :</subfield><subfield code="b">Peru Journal Pub. Co.,</subfield><subfield code="c">1926-1927.</subfield></datafield><datafield ind1=" " ind2=" " tag="310"><subfield code="a">Daily (except Sun.)</subfield></datafield><datafield ind1="0" ind2=" " tag="362"><subfield code="a">Dec. 8, 1926-Dec. 5, 1927.</subfield></datafield><datafield ind1=" " ind2=" " tag="500"><subfield code="a">"Peru" above title ornament; "Circus City" below title ornament.</subfield></datafield><datafield ind1=" " ind2=" " tag="580"><subfield code="a">Also published in a morning ed.</subfield></datafield><datafield ind1=" " ind2=" " tag="752"><subfield code="a">United States</subfield><subfield code="b">Indiana</subfield><subfield code="c">Miami</subfield><subfield code="d">Peru.</subfield></datafield><datafield ind1="0" ind2="4" tag="780"><subfield code="t">Peru journal</subfield><subfield code="w">(DLC)sn 87055315</subfield></datafield><datafield ind1="0" ind2="4" tag="780"><subfield code="t">Peru morning chronicle</subfield><subfield code="w">(DLC)sn 87097007</subfield></datafield><datafield ind1="0" ind2="4" tag="785"><subfield code="t">Peru daily tribune (Peru, Ind. : 1921)</subfield><subfield code="w">(DLC)sn 87055326</subfield></datafield></record>